%YAML 1.1
%TAG !u! tag:unity3d.com,2011:
--- !u!1 &7043392589568500107
GameObject:
  m_ObjectHideFlags: 0
  m_CorrespondingSourceObject: {fileID: 0}
  m_PrefabInstance: {fileID: 0}
  m_PrefabAsset: {fileID: 0}
  serializedVersion: 6
  m_Component:
  - component: {fileID: 7043392589568500098}
  - component: {fileID: 7043392589568500101}
  - component: {fileID: 7043392589568500100}
  - component: {fileID: 7043392589568500103}
  - component: {fileID: 7043392589568500102}
  - component: {fileID: 7043392589568500105}
  - component: {fileID: 7043392589568500104}
  m_Layer: 0
  m_Name: Arma
  m_TagString: Pistola
  m_Icon: {fileID: 0}
  m_NavMeshLayer: 0
  m_StaticEditorFlags: 0
  m_IsActive: 1
--- !u!4 &7043392589568500098
Transform:
  m_ObjectHideFlags: 0
  m_CorrespondingSourceObject: {fileID: 0}
  m_PrefabInstance: {fileID: 0}
  m_PrefabAsset: {fileID: 0}
  m_GameObject: {fileID: 7043392589568500107}
  m_LocalRotation: {x: -0.6523977, y: -0, z: -0, w: 0.7578769}
  m_LocalPosition: {x: 18.1, y: 6.65, z: 38.22}
  m_LocalScale: {x: 1, y: 1, z: 1}
  m_ConstrainProportionsScale: 0
  m_Children: []
  m_Father: {fileID: 0}
  m_RootOrder: 0
  m_LocalEulerAnglesHint: {x: -81.445, y: 0, z: 0}
--- !u!114 &7043392589568500101
MonoBehaviour:
  m_ObjectHideFlags: 0
  m_CorrespondingSourceObject: {fileID: 0}
  m_PrefabInstance: {fileID: 0}
  m_PrefabAsset: {fileID: 0}
  m_GameObject: {fileID: 7043392589568500107}
  m_Enabled: 1
  m_EditorHideFlags: 0
  m_Script: {fileID: 11500000, guid: 8233d90336aea43098adf6dbabd606a2, type: 3}
  m_Name: 
  m_EditorClassIdentifier: 
  m_MeshFormatVersion: 2
  m_Faces:
  - m_Indexes: 040000000300000002000000050000000400000002000000050000000200000000000000020000000100000000000000
    m_SmoothingGroup: 0
    m_Uv:
      m_UseWorldSpace: 0
      m_FlipU: 0
      m_FlipV: 0
      m_SwapUV: 0
      m_Fill: 1
      m_Scale: {x: 1, y: 1}
      m_Offset: {x: 0, y: 0}
      m_Rotation: 0
      m_Anchor: 9
    m_Material: {fileID: 2100000, guid: 31321ba15b8f8eb4c954353edc038b1d, type: 2}
    m_SubmeshIndex: 0
    m_ManualUV: 0
    elementGroup: 0
    m_TextureGroup: -1
  - m_Indexes: 0a0000000b000000080000000a0000000800000009000000080000000600000009000000080000000700000006000000
    m_SmoothingGroup: 0
    m_Uv:
      m_UseWorldSpace: 0
      m_FlipU: 0
      m_FlipV: 0
      m_SwapUV: 0
      m_Fill: 1
      m_Scale: {x: 1, y: 1}
      m_Offset: {x: 0, y: 0}
      m_Rotation: 0
      m_Anchor: 9
    m_Material: {fileID: 2100000, guid: 31321ba15b8f8eb4c954353edc038b1d, type: 2}
    m_SubmeshIndex: 0
    m_ManualUV: 0
    elementGroup: 0
    m_TextureGroup: -1
  - m_Indexes: 0c0000000d0000000e0000000d0000000f0000000e000000
    m_SmoothingGroup: 0
    m_Uv:
      m_UseWorldSpace: 0
      m_FlipU: 0
      m_FlipV: 0
      m_SwapUV: 0
      m_Fill: 1
      m_Scale: {x: 1, y: 1}
      m_Offset: {x: 0, y: 0}
      m_Rotation: 0
      m_Anchor: 9
    m_Material: {fileID: 0}
    m_SubmeshIndex: 0
    m_ManualUV: 0
    elementGroup: -1
    m_TextureGroup: -1
  - m_Indexes: 100000001100000012000000110000001300000012000000
    m_SmoothingGroup: 0
    m_Uv:
      m_UseWorldSpace: 0
      m_FlipU: 0
      m_FlipV: 0
      m_SwapUV: 0
      m_Fill: 1
      m_Scale: {x: 1, y: 1}
      m_Offset: {x: 0, y: 0}
      m_Rotation: 0
      m_Anchor: 9
    m_Material: {fileID: 0}
    m_SubmeshIndex: 0
    m_ManualUV: 0
    elementGroup: -1
    m_TextureGroup: -1
  - m_Indexes: 140000001500000016000000150000001700000016000000
    m_SmoothingGroup: 0
    m_Uv:
      m_UseWorldSpace: 0
      m_FlipU: 0
      m_FlipV: 0
      m_SwapUV: 0
      m_Fill: 1
      m_Scale: {x: 1, y: 1}
      m_Offset: {x: 0, y: 0}
      m_Rotation: 0
      m_Anchor: 9
    m_Material: {fileID: 0}
    m_SubmeshIndex: 0
    m_ManualUV: 0
    elementGroup: -1
    m_TextureGroup: -1
  - m_Indexes: 18000000190000001a000000190000001b0000001a000000
    m_SmoothingGroup: 0
    m_Uv:
      m_UseWorldSpace: 0
      m_FlipU: 0
      m_FlipV: 0
      m_SwapUV: 0
      m_Fill: 1
      m_Scale: {x: 1, y: 1}
      m_Offset: {x: 0, y: 0}
      m_Rotation: 0
      m_Anchor: 9
    m_Material: {fileID: 0}
    m_SubmeshIndex: 0
    m_ManualUV: 0
    elementGroup: -1
    m_TextureGroup: -1
  - m_Indexes: 1c0000001d0000001e0000001d0000001f0000001e000000
    m_SmoothingGroup: 0
    m_Uv:
      m_UseWorldSpace: 0
      m_FlipU: 0
      m_FlipV: 0
      m_SwapUV: 0
      m_Fill: 1
      m_Scale: {x: 1, y: 1}
      m_Offset: {x: 0, y: 0}
      m_Rotation: 0
      m_Anchor: 9
    m_Material: {fileID: 0}
    m_SubmeshIndex: 0
    m_ManualUV: 0
    elementGroup: -1
    m_TextureGroup: -1
  - m_Indexes: 200000002100000022000000210000002300000022000000
    m_SmoothingGroup: 0
    m_Uv:
      m_UseWorldSpace: 0
      m_FlipU: 0
      m_FlipV: 0
      m_SwapUV: 0
      m_Fill: 1
      m_Scale: {x: 1, y: 1}
      m_Offset: {x: 0, y: 0}
      m_Rotation: 0
      m_Anchor: 9
    m_Material: {fileID: 0}
    m_SubmeshIndex: 0
    m_ManualUV: 0
    elementGroup: -1
    m_TextureGroup: -1
  m_SharedVertices:
  - m_Vertices: 000000001a00000023000000
  - m_Vertices: 0a0000001800000021000000
  - m_Vertices: 010000001f00000022000000
  - m_Vertices: 0b0000001d00000020000000
  - m_Vertices: 02000000130000001e000000
  - m_Vertices: 08000000110000001c000000
  - m_Vertices: 030000000f00000012000000
  - m_Vertices: 070000000d00000010000000
  - m_Vertices: 040000000e00000017000000
  - m_Vertices: 060000000c00000015000000
  - m_Vertices: 05000000160000001b000000
  - m_Vertices: 090000001400000019000000
  m_SharedTextures: []
  m_Positions:
  - {x: 0, y: 0.28431177, z: 0}
  - {x: -0.05556488, y: 0.28431177, z: -0.31292486}
  - {x: 1.107111, y: 0.28431177, z: -0.3384819}
  - {x: 1.049099, y: 0.28431177, z: -0.80713415}
  - {x: 1.4680004, y: 0.28431177, z: -0.79745865}
  - {x: 1.5700226, y: 0.28431177, z: 0.034887314}
  - {x: 1.4680004, y: 0, z: -0.79745865}
  - {x: 1.049099, y: 0, z: -0.80713415}
  - {x: 1.107111, y: 0, z: -0.3384819}
  - {x: 1.5700226, y: 0, z: 0.034887314}
  - {x: 0, y: 0, z: 0}
  - {x: -0.05556488, y: 0, z: -0.31292486}
  - {x: 1.4680004, y: 0, z: -0.79745865}
  - {x: 1.049099, y: 0, z: -0.80713415}
  - {x: 1.4680004, y: 0.28431177, z: -0.79745865}
  - {x: 1.049099, y: 0.28431177, z: -0.80713415}
  - {x: 1.049099, y: 0, z: -0.80713415}
  - {x: 1.107111, y: 0, z: -0.3384819}
  - {x: 1.049099, y: 0.28431177, z: -0.80713415}
  - {x: 1.107111, y: 0.28431177, z: -0.3384819}
  - {x: 1.5700226, y: 0, z: 0.034887314}
  - {x: 1.4680004, y: 0, z: -0.79745865}
  - {x: 1.5700226, y: 0.28431177, z: 0.034887314}
  - {x: 1.4680004, y: 0.28431177, z: -0.79745865}
  - {x: 0, y: 0, z: 0}
  - {x: 1.5700226, y: 0, z: 0.034887314}
  - {x: 0, y: 0.28431177, z: 0}
  - {x: 1.5700226, y: 0.28431177, z: 0.034887314}
  - {x: 1.107111, y: 0, z: -0.3384819}
  - {x: -0.05556488, y: 0, z: -0.31292486}
  - {x: 1.107111, y: 0.28431177, z: -0.3384819}
  - {x: -0.05556488, y: 0.28431177, z: -0.31292486}
  - {x: -0.05556488, y: 0, z: -0.31292486}
  - {x: 0, y: 0, z: 0}
  - {x: -0.05556488, y: 0.28431177, z: -0.31292486}
  - {x: 0, y: 0.28431177, z: 0}
  m_Textures0:
  - {x: 0, y: 0}
  - {x: -0.05556488, y: -0.31292486}
  - {x: 1.107111, y: -0.3384819}
  - {x: 1.049099, y: -0.80713415}
  - {x: 1.4680004, y: -0.79745865}
  - {x: 1.5700226, y: 0.034887314}
  - {x: -1.4680004, y: -0.79745865}
  - {x: -1.049099, y: -0.80713415}
  - {x: -1.107111, y: -0.3384819}
  - {x: -1.5700226, y: 0.034887314}
  - {x: 0, y: 0}
  - {x: 0.05556488, y: -0.31292486}
  - {x: 1.4491948, y: 0}
  - {x: 1.0301816, y: 0}
  - {x: 1.4491948, y: 0.28431177}
  - {x: 1.0301816, y: 0.28431177}
  - {x: 0.6721418, y: 0}
  - {x: 0.19991265, y: 0}
  - {x: 0.6721418, y: 0.28431177}
  - {x: 0.19991265, y: 0.28431177}
  - {x: 0.22563921, y: 0}
  - {x: -0.612936, y: 0}
  - {x: 0.22563921, y: 0.28431177}
  - {x: -0.612936, y: 0.28431177}
  - {x: 0, y: 0}
  - {x: -1.5704103, y: 0}
  - {x: 0, y: 0.28431177}
  - {x: -1.5704103, y: 0.28431177}
  - {x: 1.1142821, y: 0}
  - {x: -0.048674654, y: 0}
  - {x: 1.1142821, y: 0.28431177}
  - {x: -0.048674654, y: 0.28431177}
  - {x: 0.3178198, y: 0}
  - {x: 0, y: 0}
  - {x: 0.3178198, y: 0.28431177}
  - {x: 0, y: 0.28431177}
  m_Textures2: []
  m_Textures3: []
  m_Tangents:
  - {x: 1, y: 0, z: 0, w: -1}
  - {x: 1, y: 0, z: 0, w: -1}
  - {x: 1, y: 0, z: 0, w: -1}
  - {x: 1, y: 0, z: 0, w: -1}
  - {x: 1, y: 0, z: 0, w: -1}
  - {x: 1, y: 0, z: 0, w: -1}
  - {x: -1, y: 0, z: 0, w: -1}
  - {x: -1, y: 0, z: 0, w: -1}
  - {x: -1, y: 0, z: 0, w: -1}
  - {x: -1, y: 0, z: 0, w: -1}
  - {x: -1, y: 0, z: 0, w: -1}
  - {x: -1, y: 0, z: 0, w: -1}
  - {x: 0.9997334, y: 0, z: 0.023091167, w: -1}
  - {x: 0.9997334, y: 0, z: 0.023091167, w: -1}
  - {x: 0.9997334, y: 0, z: 0.023091167, w: -1}
  - {x: 0.9997334, y: 0, z: 0.023091167, w: -1}
  - {x: -0.12284718, y: 0, z: -0.9924256, w: -1}
  - {x: -0.12284718, y: 0, z: -0.9924256, w: -1}
  - {x: -0.12284718, y: 0, z: -0.9924256, w: -1}
  - {x: -0.12284718, y: 0, z: -0.9924256, w: -1}
  - {x: 0.12166133, y: 0, z: 0.99257165, w: -1}
  - {x: 0.12166133, y: 0, z: 0.99257165, w: -1}
  - {x: 0.12166133, y: 0, z: 0.99257165, w: -1}
  - {x: 0.12166133, y: 0, z: 0.99257165, w: -1}
  - {x: -0.99975324, y: 0, z: -0.022215417, w: -1}
  - {x: -0.99975324, y: 0, z: -0.022215417, w: -1}
  - {x: -0.99975324, y: 0, z: -0.022215417, w: -1}
  - {x: -0.99975324, y: 0, z: -0.022215417, w: -1}
  - {x: 0.99975854, y: 0, z: -0.02197592, w: -1}
  - {x: 0.99975854, y: 0, z: -0.02197592, w: -1}
  - {x: 0.99975854, y: 0, z: -0.02197592, w: -1}
  - {x: 0.99975854, y: 0, z: -0.02197592, w: -1}
  - {x: -0.17483139, y: 0, z: -0.9845984, w: -1}
  - {x: -0.17483139, y: 0, z: -0.9845984, w: -1}
  - {x: -0.17483139, y: 0, z: -0.9845984, w: -1}
  - {x: -0.17483139, y: 0, z: -0.9845984, w: -1}
  m_Colors: []
  m_UnwrapParameters:
    m_HardAngle: 88
    m_PackMargin: 20
    m_AngleError: 8
    m_AreaError: 15
  m_PreserveMeshAssetOnDestroy: 0
  assetGuid: 
  m_Mesh: {fileID: 0}
  m_VersionIndex: 1233
  m_IsSelectable: 1
  m_SelectedFaces: 
  m_SelectedEdges: []
  m_SelectedVertices: 
--- !u!114 &7043392589568500100
MonoBehaviour:
  m_ObjectHideFlags: 0
  m_CorrespondingSourceObject: {fileID: 0}
  m_PrefabInstance: {fileID: 0}
  m_PrefabAsset: {fileID: 0}
  m_GameObject: {fileID: 7043392589568500107}
  m_Enabled: 1
  m_EditorHideFlags: 0
  m_Script: {fileID: 11500000, guid: bb977b126bc1b4f15813dcf9da9bb600, type: 3}
  m_Name: 
  m_EditorClassIdentifier: 
  m_Points:
  - {x: 0, y: 0, z: 0}
  - {x: -0.05556488, y: 0, z: -0.31292486}
  - {x: 1.107111, y: 0, z: -0.3384819}
  - {x: 1.049099, y: 0, z: -0.80713415}
  - {x: 1.4680004, y: 0, z: -0.79745865}
  - {x: 1.5700226, y: 0, z: 0.034887314}
  m_Extrude: 0.28431177
  m_EditMode: 0
  m_FlipNormals: 0
  isOnGrid: 1
--- !u!23 &7043392589568500103
MeshRenderer:
  m_ObjectHideFlags: 0
  m_CorrespondingSourceObject: {fileID: 0}
  m_PrefabInstance: {fileID: 0}
  m_PrefabAsset: {fileID: 0}
  m_GameObject: {fileID: 7043392589568500107}
  m_Enabled: 1
  m_CastShadows: 1
  m_ReceiveShadows: 1
  m_DynamicOccludee: 1
  m_StaticShadowCaster: 0
  m_MotionVectors: 1
  m_LightProbeUsage: 1
  m_ReflectionProbeUsage: 1
  m_RayTracingMode: 2
  m_RayTraceProcedural: 0
  m_RenderingLayerMask: 1
  m_RendererPriority: 0
  m_Materials:
  - {fileID: 2100000, guid: 3c41f0928cd84894393cb0bd6e4ac17b, type: 2}
  m_StaticBatchInfo:
    firstSubMesh: 0
    subMeshCount: 0
  m_StaticBatchRoot: {fileID: 0}
  m_ProbeAnchor: {fileID: 0}
  m_LightProbeVolumeOverride: {fileID: 0}
  m_ScaleInLightmap: 1
  m_ReceiveGI: 1
  m_PreserveUVs: 0
  m_IgnoreNormalsForChartDetection: 0
  m_ImportantGI: 0
  m_StitchLightmapSeams: 1
  m_SelectedEditorRenderState: 2
  m_MinimumChartSize: 4
  m_AutoUVMaxDistance: 0.5
  m_AutoUVMaxAngle: 89
  m_LightmapParameters: {fileID: 0}
  m_SortingLayerID: 0
  m_SortingLayer: 0
  m_SortingOrder: 0
  m_AdditionalVertexStreams: {fileID: 0}
--- !u!33 &7043392589568500102
MeshFilter:
  m_ObjectHideFlags: 0
  m_CorrespondingSourceObject: {fileID: 0}
  m_PrefabInstance: {fileID: 0}
  m_PrefabAsset: {fileID: 0}
  m_GameObject: {fileID: 7043392589568500107}
  m_Mesh: {fileID: 0}
--- !u!65 &7043392589568500105
BoxCollider:
  m_ObjectHideFlags: 0
  m_CorrespondingSourceObject: {fileID: 0}
  m_PrefabInstance: {fileID: 0}
  m_PrefabAsset: {fileID: 0}
  m_GameObject: {fileID: 7043392589568500107}
  m_Material: {fileID: 0}
  m_IsTrigger: 0
  m_Enabled: 1
  serializedVersion: 2
  m_Size: {x: 1.6255875, y: 0.28431183, z: 0.84202164}
  m_Center: {x: 0.75722885, y: 0.14215592, z: -0.3861235}
--- !u!114 &7043392589568500104
MonoBehaviour:
  m_ObjectHideFlags: 0
  m_CorrespondingSourceObject: {fileID: 0}
  m_PrefabInstance: {fileID: 0}
  m_PrefabAsset: {fileID: 0}
  m_GameObject: {fileID: 7043392589568500107}
  m_Enabled: 1
  m_EditorHideFlags: 0
  m_Script: {fileID: 11500000, guid: be67b9383af899f49afbee96d9686b2a, type: 3}
  m_Name: 
  m_EditorClassIdentifier: 
